@book{levine2009flex,
  title={Flex \& Bison: Text Processing Tools},
  author={Levine, John},
  year={2009},
  publisher={" O'Reilly Media, Inc."},
  url = "https://books.google.fr/books?hl=fr&lr=&id=nYUkAAAAQBAJ&oi=fnd&pg=PR3&dq=flex+bison+interpreter&ots=VX9xrg4D9l&sig=p95S6sNhMxdIIl-7uOOnK_1u-fM&redir_esc=y#v=onepage&q=flex%20bison%20interpreter&f=false"
}

@article{aaby2003compiler,
  title={Compiler construction using flex and bison},
  author={Aaby, Anthony A},
  journal={Walla Walla College},
  year={2003},
  url = "http://penteki.web.elte.hu/compiler.pdf"
}


@article{,
  author = "CHARLES, Henri-Pierre and FABRE, Christian",
  title = "Compilateur",
  journal = "Techniques de l'ingénieur Technologies logicielles Architectures des systèmes",
  year = "2017",
  volume = "base documentaire : TIP402WEB.",
  number = "ref. article : h3168",
  key = "parallélisme d'instructions; processeur; langage de programmation; compilateur; architecture des ordinateurs; allocation de ressources; analyse lexicale; analyse syntaxique; optimisation de programme",
  publisher = "Editions T.I.",
  type = "article de base documentaire",
  eprint = "base documentaire : TIP402WEB.",
  type = "base documentaire",
  doi = "10.51257/a-v2-h3168",
  url = "https://www.techniques-ingenieur.fr/base-documentaire/technologies-de-l-information-th9/systemes-d-exploitation-42305210/compilateur-h3168/",
  note = "fre",
}


@article{,
  author = "LORHO, Bernard",
  title = "Compilateurs",
  journal = "Techniques de l'ingénieur Technologies logicielles Architectures des systèmes",
  year = "1996",
  volume = "base documentaire : TIP402WEB.",
  number = "ref. article : h3168",
  key = "parallélisme d'instructions; processeur; langage de programmation; compilateur; architecture des ordinateurs; allocation de ressources; analyse lexicale; analyse syntaxique; optimisation de programme",
  publisher = "Editions T.I.",
  type = "article de base documentaire",
  eprint = "base documentaire : TIP402WEB.",
  type = "base documentaire",
  doi = "10.51257/a-v2-h3168",
  url = "https://www.techniques-ingenieur.fr/base-documentaire/technologies-de-l-information-th9/systemes-d-exploitation-42305210/compilateur-h3168/",
  note = "fre",
}

# TODO: add the 2 other compiler article found on "techniques de l'ingénieur"
