/* tuto flex bison cpp */
@online{cppparsing,
  author = "cpptutor",
  title = "Generating C++ programs with flex and bison",
  year = "2020",
  howpublished = {\url{https://learnmoderncpp.com/2020/12/18/generating-c-programs-with-flex-and-bison-3/}}
}
